<record><leader>00000cas a2200000 a 4500</leader><controlfield tag="001">2243323</controlfield><controlfield tag="008">751223d196819uunyuwx ne      0   a0eng  </controlfield><datafield ind1=" " ind2=" " tag="010"><subfield code="a">   75646817 </subfield><subfield code="z">sn 75646817 </subfield></datafield><datafield ind1=" " ind2=" " tag="040"><subfield code="a">DLC</subfield><subfield code="b">eng</subfield><subfield code="c">DLC</subfield><subfield code="d">NSD</subfield><subfield code="d">OCL</subfield><subfield code="d">DLC</subfield><subfield code="d">OCL</subfield><subfield code="d">NSD</subfield><subfield code="d">AIP</subfield><subfield code="d">NSD</subfield><subfield code="d">AIP</subfield><subfield code="d">NSD</subfield><subfield code="d">DLC</subfield><subfield code="d">NST</subfield><subfield code="d">HUL</subfield><subfield code="d">NYS</subfield><subfield code="d">DLC</subfield><subfield code="d">OCLCQ</subfield><subfield code="d">WAU</subfield><subfield code="d">DLC</subfield><subfield code="d">OCLCQ</subfield><subfield code="d">ORZ</subfield><subfield code="d">NVF</subfield><subfield code="d">OCLCO</subfield><subfield code="d">CUS</subfield><subfield code="d">DLC</subfield><subfield code="d">GZM</subfield><subfield code="d">EYP</subfield><subfield code="d">OCLCO</subfield><subfield code="d">OCLCF</subfield><subfield code="d">OCLCO</subfield></datafield><datafield ind1=" " ind2=" " tag="012"><subfield code="a">4</subfield><subfield code="b">3</subfield><subfield code="c">-</subfield><subfield code="d">7</subfield><subfield code="e">-</subfield><subfield code="f">-</subfield><subfield code="g">p</subfield><subfield code="h">-</subfield><subfield code="i">8508</subfield><subfield code="j">0</subfield><subfield code="k">1</subfield><subfield code="m">1</subfield></datafield><datafield ind1=" " ind2=" " tag="019"><subfield code="a">1751614</subfield></datafield><datafield ind1="0" ind2=" " tag="022"><subfield code="a">0017-5021</subfield><subfield code="l">0017-5021</subfield><subfield code="2">1</subfield></datafield><datafield ind1="1" ind2=" " tag="029"><subfield code="a">NLGGC</subfield><subfield code="b">842861998</subfield></datafield><datafield ind1="1" ind2=" " tag="029"><subfield code="a">NZ1</subfield><subfield code="b">4170688</subfield></datafield><datafield ind1="1" ind2=" " tag="029"><subfield code="a">AU@</subfield><subfield code="b">000001024856</subfield></datafield><datafield ind1="1" ind2=" " tag="029"><subfield code="a">ZWZ</subfield><subfield code="b">036272868</subfield></datafield><datafield ind1=" " ind2=" " tag="032"><subfield code="a">231060</subfield><subfield code="b">USPS</subfield></datafield><datafield ind1=" " ind2=" " tag="037"><subfield code="b">Institute for Independent Social Journalism, 33 W. 17th St., N.Y., NY 10011</subfield></datafield><datafield ind1=" " ind2=" " tag="042"><subfield code="a">pcc</subfield><subfield code="a">nsdp</subfield></datafield><datafield ind1=" " ind2=" " tag="043"><subfield code="a">n-us-ny</subfield></datafield><datafield ind1="0" ind2="0" tag="050"><subfield code="a">AP2</subfield><subfield code="b">.N244</subfield></datafield><datafield ind1=" " ind2="4" tag="082"><subfield code="a">071/.3</subfield></datafield><datafield ind1="0" ind2=" " tag="130"><subfield code="a">Guardian (New York, N.Y. : 1968)</subfield></datafield><datafield ind1="0" ind2=" " tag="210"><subfield code="a">Guardian</subfield><subfield code="b">(N.Y.N.Y.)</subfield></datafield><datafield ind1=" " ind2="4" tag="222"><subfield code="a">The Guardian</subfield><subfield code="b">(New York, N.Y.)</subfield></datafield><datafield ind1="1" ind2="4" tag="245"><subfield code="a">The Guardian.</subfield></datafield><datafield ind1="3" ind2="3" tag="246"><subfield code="a">Guardian independent radical newsweekly</subfield></datafield><datafield ind1=" " ind2=" " tag="260"><subfield code="a">New York :</subfield><subfield code="b">[s.n.],</subfield><subfield code="c">1968-</subfield></datafield><datafield ind1="2" ind2=" " tag="260"><subfield code="3">&lt;Nov. 26, 1975&gt;-&lt;May 17, 1978&gt;</subfield><subfield code="a">New York :</subfield><subfield code="b">Weekly Guardian Association, Inc.</subfield></datafield><datafield ind1="2" ind2=" " tag="260"><subfield code="3">&lt;June 7, 1978&gt;-&lt;May 16, 1979&gt;</subfield><subfield code="a">New York :</subfield><subfield code="b">Redview Communications, Inc.</subfield></datafield><datafield ind1="3" ind2=" " tag="260"><subfield code="3">&lt;Nov. 7, 1979&gt;-</subfield><subfield code="a">New York :</subfield><subfield code="b">Institute for Independent Social Journalism</subfield></datafield><datafield ind1=" " ind2=" " tag="300"><subfield code="a">v. :</subfield><subfield code="b">ill. ;</subfield><subfield code="c">39-43 cm.</subfield></datafield><datafield ind1=" " ind2=" " tag="310"><subfield code="a">Weekly (46 issues yearly),</subfield><subfield code="b">&lt;Sept. 14, 1983&gt;-</subfield></datafield><datafield ind1=" " ind2=" " tag="321"><subfield code="a">Weekly (46 issues yearly),</subfield><subfield code="b">Feb. 10, 1968-&lt;&gt;</subfield></datafield><datafield ind1=" " ind2=" " tag="321"><subfield code="a">Weekly (50 issues yearly),</subfield><subfield code="b">&lt;Nov. 26, 1975&gt;-1983</subfield></datafield><datafield ind1=" " ind2=" " tag="336"><subfield code="a">text</subfield><subfield code="b">txt</subfield><subfield code="2">rdacontent</subfield></datafield><datafield ind1=" " ind2=" " tag="337"><subfield code="a">unmediated</subfield><subfield code="b">n</subfield><subfield code="2">rdamedia</subfield></datafield><datafield ind1=" " ind2=" " tag="338"><subfield code="a">volume</subfield><subfield code="b">nc</subfield><subfield code="2">rdacarrier</subfield></datafield><datafield ind1="0" ind2=" " tag="362"><subfield code="a">Vol. 20, no. 19 (Feb. 10, 1968)-</subfield></datafield><datafield ind1=" " ind2=" " tag="500"><subfield code="a">"Independent radical newsweekly" over the masthead.</subfield></datafield><datafield ind1=" " ind2=" " tag="500"><subfield code="a">Published as: Special Winter issue, 1982.</subfield></datafield><datafield ind1=" " ind2=" " tag="530"><subfield code="a">Available on microfilm from UMI (Underground newspaper/press collection).</subfield></datafield><datafield ind1=" " ind2=" " tag="588"><subfield code="a">Latest issue consulted: Vol. 38, no. 13 (Dec. 25, 1985).</subfield></datafield><datafield ind1=" " ind2="0" tag="650"><subfield code="a">Radicalism</subfield><subfield code="v">Newspapers.</subfield></datafield><datafield ind1=" " ind2="0" tag="651"><subfield code="a">New York (N.Y.)</subfield><subfield code="v">Newspapers.</subfield></datafield><datafield ind1=" " ind2="0" tag="651"><subfield code="a">New York County (N.Y.)</subfield><subfield code="v">Newspapers.</subfield></datafield><datafield ind1=" " ind2="7" tag="655"><subfield code="a">Underground periodicals</subfield><subfield code="z">New York (State)</subfield><subfield code="z">New York.</subfield><subfield code="2">ngl</subfield></datafield><datafield ind1=" " ind2="7" tag="655"><subfield code="a">Newspapers.</subfield><subfield code="2">fast</subfield><subfield code="0">(OCoLC)fst01423814</subfield></datafield><datafield ind1=" " ind2="7" tag="650"><subfield code="a">Radicalism.</subfield><subfield code="2">fast</subfield><subfield code="0">(OCoLC)fst01087015</subfield></datafield><datafield ind1=" " ind2="7" tag="651"><subfield code="a">New York (State)</subfield><subfield code="z">New York.</subfield><subfield code="2">fast</subfield><subfield code="0">(OCoLC)fst01204333</subfield></datafield><datafield ind1=" " ind2="7" tag="651"><subfield code="a">New York (State)</subfield><subfield code="z">New York County.</subfield><subfield code="2">fast</subfield><subfield code="0">(OCoLC)fst01234953</subfield></datafield><datafield ind1="2" ind2=" " tag="710"><subfield code="a">Institute for Independent Social Journalism, Inc. (New York, N.Y.)</subfield></datafield><datafield ind1=" " ind2=" " tag="752"><subfield code="a">United States</subfield><subfield code="b">New York</subfield><subfield code="c">New York</subfield><subfield code="d">New York.</subfield></datafield><datafield ind1="0" ind2="8" tag="776"><subfield code="i">Online version:</subfield><subfield code="t">Guardian (New York, N.Y. : 1968)</subfield><subfield code="x">2470-461X</subfield><subfield code="w">(DLC)  2016200972</subfield><subfield code="w">(OCoLC)935392273</subfield></datafield><datafield ind1="0" ind2="0" tag="780"><subfield code="t">National guardian</subfield><subfield code="c">(New York, N.Y.)</subfield><subfield code="x">0362-5583</subfield><subfield code="w">(DLC)   52036925</subfield><subfield code="w">(OCoLC)4564405</subfield></datafield><datafield ind1=" " ind2="0" tag="830"><subfield code="a">Underground newspaper collection.</subfield></datafield><datafield ind1=" " ind2=" " tag="850"><subfield code="a">CU-S</subfield><subfield code="a">DLC</subfield><subfield code="a">KU-S</subfield><subfield code="a">MnU</subfield><subfield code="a">NcRS</subfield><subfield code="a">P</subfield></datafield><datafield ind1="4" ind2="1" tag="856"><subfield code="u">http://voices.revealdigital.com/cgi-bin/independentvoices?a=cl&amp;cl=CL1&amp;sp=CCEDDCD&amp;ai=1</subfield></datafield></record>